@article{journal,
	author = {Koenig, S. and Sun. X},
    title = {Comparing real-time and incremental heuristic search for real-time situated agents},
    journal = {Journal of Autonomous Agents and Multi-Agents Systems},
    year = {2008},
    volume = {18},
    number = {3},
    pages = {313-341}
}

@inbook{chapter,
	author = {Bisiani, R},
    title = {Encyclopedia of Artificial Intelligence},
    volume = {2},
    publisher = {John Wiley and Sons},
    edition = {2},
    chapter = {Beam Search},
    pages = {1467-1468}
}

@book{book,
	author = {Russel, S., and Norvig, P.},
    title = {Artificial Intelligence: A Modern Approach}
	year = {2010}
}

@techreport{techreport,
	author = {Thomas A. FeoMauricio G. C. Resende},
    title = {Greedy Randomized Adaptive Search Procedures},
    institution = {Kluwer Academic Publishers},
    year = {1995}
}

@inproceedings{conference,
	author = {Pearl,J., and Kim,J.H},
    title = {Studies in semi-admissible heuristics},
    year = {1982},
    publisher = {IEEE Transactions on Pattern Analysis and Machine Intelligence}
}