@book{AI,
  TITLE = {Artificial Intelligence},
  SUBTITLE = {A Modern Approach},
  AUTHOR = {Stuart Russell and Peter Norving},
  YEAR = {2009}, 
  EDITION = {Third}
}

@misc{NpHard,
  author        = {Jeff Erickson},
  title         = {NP-Hardness},
  year          = {2018},
  publisher		= {University of Illinois at Urbana–Champaign}, 
  note = {Available online at \url{https://courses.engr.illinois.edu/cs374/sp2018/A/notes/10-nphard.pdf}}
}

@book{TSP,
  TITLE = {Encyclopedia of Operations Research and Management Science},
  AUTHOR = {Saul I. Gass, Michael C. Fu},
  YEAR = {2013}, 
  EDITION = {Third},
  VOLUME = {1},
  PUBLISHER = {Springer}
}

@article{History,
	author = {Alexander Schrijver},
    title = {On the history of combinatorial optimization},
    journal = {Handbooks in Operations Research and Management Science},
    year = {2005},
    volume = {12},
    pages = {1-68}
}

@article{NpComplete,
	author = {M. Held, A.J. Hoffman, E.L. Johnson, P. Wolfe},
    title = {Aspects of the traveling salesman problem},
    year = {1984},
    volume = {28},
    number = {4}
}

@techreport{BruteForce,
	author = {Haider A Abdulkarim and Ibrahim F Alshammari},
    year = {2015},
    title = {Comparison of Algorithms for Solving Traveling Salesman Problem},
    institution = {International Journal of Engineering and Advanced Technology(IJEAT)},
}

@article{Greedy,
	author = {David S. Johnson},
    title = {Local optimization and the traveling salesman problem.},
    journal = {Automata, languages and programming},
    year = {1990},
    pages = {446-461}
}

@article{Genetic,
	author = {Mohammad Sedighpour, Majid Yousefikhoshbakht, Narges Mahmoodi Darani},
    title = {An Effective Genetic Algorithm for Solving the Multiple Traveling Salesman Problem},
    journal = {Journal of Optimization in Industrial Engineering},
    year = {2011},
    volume = {8},
    pages = {73-79}
}

@article{Simulated,
	author = {D.Janaki Ram, T.H. Sreenivas and K.Ganapathy Subramaniam},
    title = {Parallel Simulated Annealing Algorithms},
    journal = {Journal of Parallel and Distributed Computing},
    year = {1996},
    volume = {18},
    pages = {207-212}
}

@article{Gene,
	author = {John J. Grefenstette, Rajeev Gopal, Brian J. Rosmaita, Dirk Van Gucht},
    title = {Genetic Algorithms for the Traveling Salesman Problem},
    journal = {In Proceedings of the first International Conference on Genetic Algorithms and their Applications},
    year = {1985},
    pages = {160-165}
}

@article{mountain,
	author = {S.Kirkpatrick, C.D.Gelatt and M.P.Vecchi},
    title = {Optimization by Simulated Annealing},
    journal = {science},
    year = {1983},
    volume = {220},
    number = {4598},
    pages = {671-680}
}

@article{pseudocode,
	author = {P. LARRANAGA, C.M.H. KUIJPERS, R.H. MURGA, I. INZA and ˜
S. DIZDAREVIC},
    title = {Genetic Algorithms for the Travelling Salesman Problem: A
Review of Representations and Operators},
    journal = {Artificial Intelligence Review},
    year = {1999},
    volume = {13},
    pages = {129-170},
    publisher = {Kluwer Academic Publishers}
}

@online{SimulatedAnnealing,
  author = {Todd W. Schneider},
  title = {The Traveling Salesman with Simulated Annealing, R, and Shiny},
  year = {2018},
  note = {Available online at \url{http://toddwschneider.com/posts/traveling-salesman-with-simulated-annealing-r-and-shiny/}}
}

@online{statista,
  author = {Statista},
  title = {Number of cities, towns and villages(incorporated places) in the United States in 2015, by population size},
  year = {2015},
  note {Available online at \url{https://www.statista.com/statistics/241695/number-of-us-cities-towns-villages-by-population-size/}}
}

@software{TSPProgram,
  author = {Byung-In Kim, Jae-Ik Shim, Min Zhang},
  title = {Comparison of TSP Algorithms},
  url = {https://pja.mykhi.org/0sem/NAI/rozne/Comparison%20of%20TSP%20Algorithms/},
  date = {2012-12-20},
}

@article{Comparison,
  author = {Byung-In Kim, Jae-Ik Shim, Min Zhang},
  title = {Comparison of TSP Algorithms},
  url = {https://pja.mykhi.org/0sem/NAI/rozne/Comparison%20of%20TSP%20Algorithms/Comparison%20of%20TSP%20Algorithms.PDF},
  year = {2012},
}

@techreport{Heuristic,
	author = {Natallia Kokash},
    title = {An introduction to heuristic algorithms},
    year = {2017},
    institution = {University of Trento, Italy},
    note = {Available online at \url{https://pdfs.semanticscholar.org/8314/bf30780871868076775ba62759f1faf8c9f0.pdf}}
}

@article{optimal,
	author = {Malik Muneeb Abid , Iqbal Muhammad},
    title = {Heuristic Approaches to Solve Traveling Salesman Problem},
    journal = {TELKOMNIKA Indonesian Journal of Electrical Engineering},
    year = {2015},
    volume = {15},
    number = {2},
    pages = {390-396}
}

@techreport{Neural,
	author = {Jean-Y ves Potvin},
    title = {The Traveling Salesman Problem: A Neural Network Perspective},
    Institution = {Université de Montréal},
    note = {Available online at \url{http://www.iro.umontreal.ca/~dift6751/paper_potvin_nn_tsp.pdf}}
}

@article{SOFM,
	author = {Marco Budinich and Barbara Rosario},
    title = {A Neural Network for the Travelling Salesman Problem with a Well Behaved Energy Function},
    year = {1995},
    Institution = {Dipartimento di Fisica & INFN, Via Valerio 2, 34127 Trieste, Italy},
    note = {Available online at \url{https://pdfs.semanticscholar.org/9307/940709d6c64bfb53af42a6e83ec994864c46.pdf}}
}

@book{GreedyProperty,
	author = {Thomas H. Cormen, Charles E. Leiserson, 
Ronald L. Rivest, Clifford Stein},
    title = {Introduction to Algorithms},
    year = {2009},
    edition = {Third}
}

@article{SOM,
	author = {Lucas Brocki},
    title = {Kohonen Self-Organizing Map for the Traveling Salesperson Problem},
    Institution = {Polish–Japanese Institute of Information Technology}
}