@techreport{techreport,
	author = {de Marcken, C.},
    year = {2003},
    title = {Computational Complexity of Air Travel Planning},
    institution = {ITA Software},
}

@online{stat,
  author = {Federal Aviation Administration},
  title = {Air Traffic By The Numbers},
  year = {2017},
  note = {Available online at \url{https://www.faa.gov/air_traffic/by_the_numbers/}}
}