@online{uber,
  author = {2018 Uber Technologies Inc},
  title = {How Uber works},
  year = {2018},
  note = {Available online at \url{https://www.uber.com/ride/how-uber-works/}}
}

@online{app,
  author = {Ken Liu},
  title = {Here-and-Now by Ken Liu},
  year = {2013},
  note = {Available online at \url{http://www.kasmamagazine.com/here-and-now.cfm}}
}

@online{uberstat,
  author = {Artyom Dogtiev},
  title = {Uber Revenue and Usage Statistics 2017},
  year = {2018},
  note = {Available online at \url{http://www.businessofapps.com/data/uber-statistics/}}
}

@online{taskrabbit,
  author = {TaskRabbit. Inc},
  title = {We'll run your errands},
  year = {2018},
  note = {Available online at \url{https://www.taskrabbit.com/m/shopping-delivery/run-errands}}
}

@online{crime,
  author = {BT},
  title = {Crimes involving Tinder and Grindr jump seven-fold},
  year = {2016},
  note = {Available online at \url{http://home.bt.com/news/news-extra/crimes-involving-tinder-and-grindr-jump-seven-fold-11364032985893}}
}