@techreport{techreport,
	author = {Haider A Abdulkarim and Ibrahim F Alshammari},
    year = {2015},
    title = {Comparison of Algorithms for Solving Traveling Salesman Problem},
    institution = {International Journal of Engineering and Advanced Technology(IJEAT)},
}

@article{journal3,
	author = {Alexander Schrijver},
    title = {On the history of combinatorial optimization},
    journal = {Handbooks in Operations Research and Management Science},
    year = {2005},
    volume = {12},
    pages = {1-68}
}

@article{journal4,
	author = {David S. Johnson},
    title = {Local optimization and the traveling salesman problem.},
    journal = {Automata, languages and programming},
    year = {1990},
    pages = {446-461}
}

@article{journal5,
	author = {Mohammad Sedighpour, Majid Yousefikhoshbakht, Narges Mahmoodi Darani},
    title = {An Effective Genetic Algorithm for Solving the Multiple Traveling Salesman Problem},
    journal = {Journal of Optimization in Industrial Engineering},
    year = {2011},
    volume = {8},
    pages = {73-79}
}

@article{journal6,
	author = {M. Held, A.J. Hoffman, E.L. Johnson, P. Wolfe},
    title = {Aspects of the traveling salesman problem},
    year = {1984},
    volume = {28},
    number = {4}
}

@article{journal7,
	author = {John J. Grefenstette, Rajeev Gopal, Brian J. Rosmaita, Dirk Van Gucht},
    title = {Genetic Algorithms for the Traveling Salesman Problem},
    journal = {In Proceedings of the first International Conference on Genetic Algorithms and their Applications},
    year = {1985},
    pages = {160-165}
}

@article{journal,
	author = {D.Janaki Ram, T.H. Sreenivas and K.Ganapathy Subramaniam},
    title = {Parallel Simulated Annealing Algorithms},
    journal = {Journal of Parallel and Distributed Computing},
    year = {1996},
    volume = {18},
    pages = {207-212}
}

@article{journal2,
	author = {S.Kirkpatrick, C.D.Gelatt and M.P.Vecchi},
    title = {Optimization by Simulated Annealing},
    journal = {science},
    year = {1983},
    volume = {220},
    number = {4598},
    pages = {671-680}
}